%% This BibTeX bibliography file was created using BibDesk.
%% http://bibdesk.sourceforge.net/

%% Created for Admin at 2017-07-06 11:07:46 -0600


%% Saved with string encoding Unicode (UTF-8)



@techreport{ciscoreport,
	Author = {Cisco},
	Date-Added = {2017-07-06 17:03:05 +0000},
	Date-Modified = {2017-07-06 17:07:37 +0000},
	Institution = {Cisco},
	Month = {June},
	Rating = {5},
	Url = {http://www.cisco.com/c/en/us/solutions/collateral/service-provider/visual-networking-index-vni/complete-white-paper-c11-481360.pdf},
	Read = {0},
	Title = {Cisco Visual Networking Index: Forecast and Cisco Visual Networking Cisco Visual Networking Index: Forecast and Methodology, 2016--2021},
	Year = {2017}}

@book{microservices,
	author = {Newman, Sam},
	title = {Building Microservices},
	year = {2015},
	isbn = {1491950358, 9781491950357},
	edition = {1st},
	publisher = {O'Reilly Media, Inc.}}


@techreport{benchmarkNoSQL,
	Author = {EndPoint},
	Date-Added = {2017-07-05 17:31:59 +0000},
	Date-Modified = {2017-07-05 17:45:54 +0000},
	Institution = {EndPoint},
	Month = {April},
	Title = {Benchmarking Top NoSQL Databases: Apache Cassandra, Couchbase, HBase, and MongoDB},
	Year = {2015}}

@misc{tweetsRecord,
	Author = {Raffi Krikorian},
	Date-Added = {2017-07-05 17:02:49 +0000},
	Date-Modified = {2017-07-05 17:06:47 +0000},
	Lastchecked = {July 5th 2017},
	Title = {New Tweets per Second Record, and How!},
	Url = {https://blog.twitter.com/engineering/en_us/a/2013/new-tweets-per-second-record-and-how.html},
	Bdsk-Url-1 = {https://blog.twitter.com/engineering/en_us/a/2013/new-tweets-per-second-record-and-how.html}}


@inproceedings{oopsla12,
 author = {Schram, Aaron and Anderson, Kenneth M.},
 title = {MySQL to NoSQL: Data Modeling Challenges in Supporting Scalability},
 booktitle = {Proceedings of the 3rd Annual Conference on Systems, Programming, and Applications: Software for Humanity},
 series = {SPLASH '12},
 year = {2012},
 isbn = {978-1-4503-1563-0},
 location = {Tucson, Arizona, USA},
 pages = {191--202},
 numpages = {12},
 url = {http://doi.acm.org/10.1145/2384716.2384773},
 doi = {10.1145/2384716.2384773},
 acmid = {2384773},
 publisher = {ACM},
 address = {New York, NY, USA},
 keywords = {crisis informatics, data modeling, nosql, scalability, software architecture, software infrastructure},
}

@inproceedings{batchreal,
	Author = {Ahmet Aydin and Ken Anderson},
	Booktitle = {HICSS},
	Title = {Batch to Real-Time: Incremental Data Collection \& Analytics Platform},
	Year = {2017}}

@inproceedings{Anderson:2015b,
  author    = "Kenneth M. Anderson",
  title     = "Embrace the Challenges: Software Engineering
               in a Big Data World",
  booktitle = "1st International Workshop on Big Data
               Software Engineering, part of the 2015
               International Conference on Software
               Engineering",
  pages     = "19--25",
  month     = "May",
  year      = "2015"
}

@inproceedings{icse11,
 author = {Anderson, Kenneth M. and Schram, Aaron},
 title = {Design and Implementation of a Data Analytics Infrastructure in Support of Crisis Informatics Research (NIER Track)},
 booktitle = {Proceedings of the 33rd International Conference on Software Engineering},
 series = {ICSE '11},
 year = {2011},
 isbn = {978-1-4503-0445-0},
 location = {Waikiki, HI, USA},
 pages = {844--847},
 numpages = {4},
 url = {http://doi.acm.org/10.1145/1985793.1985920},
 doi = {10.1145/1985793.1985920},
 acmid = {1985920},
 publisher = {ACM},
 address = {New York, NY, USA},
 keywords = {crisis informatics, scalability, software frameworks},
}

@inproceedings{hiccs15,
 author = {Anderson, Kenneth M. and Aydin, Ahmet Arif and Barrenechea, Mario and Cardenas, Adam and Hakeem, Mazin and Jambi, Sahar},
 title = {Design Challenges/Solutions for Environments Supporting the Analysis of Social Media Data in Crisis Informatics Research},
 booktitle = {Proceedings of the 2015 48th Hawaii International Conference on System Sciences},
 series = {HICSS '15},
 year = {2015},
 isbn = {978-1-4799-7367-5},
 pages = {163--172},
 numpages = {10},
 url = {http://dx.doi.org/10.1109/HICSS.2015.29},
 doi = {10.1109/HICSS.2015.29},
 acmid = {2761575},
 publisher = {IEEE Computer Society},
 address = {Washington, DC, USA},
}


@article{palen2009,
 author = {Palen, Leysia and Vieweg, Sarah and Liu, Sophia B. and Hughes, Amanda Lee},
 title = {Crisis in a Networked World},
 journal = {Soc. Sci. Comput. Rev.},
 issue_date = {November  2009},
 volume = {27},
 number = {4},
 month = nov,
 year = {2009},
 issn = {0894-4393},
 pages = {467--480},
 numpages = {14},
 url = {http://dx.doi.org/10.1177/0894439309332302},
 doi = {10.1177/0894439309332302},
 acmid = {1640514},
 publisher = {Sage Publications, Inc.},
 address = {Thousand Oaks, CA, USA},
 keywords = {Web 2.0, computer-mediated communication (CMC), computer-supported cooperative work (CSCW), crisis informatics, emergency response, information and communication technology, peer communication, social media, widescale interaction},
}

@inproceedings{palen2010,
 author = {Vieweg, Sarah and Hughes, Amanda L. and Starbird, Kate and Palen, Leysia},
 title = {Microblogging During Two Natural Hazards Events: What Twitter May Contribute to Situational Awareness},
 booktitle = {Proceedings of the SIGCHI Conference on Human Factors in Computing Systems},
 series = {CHI '10},
 year = {2010},
 isbn = {978-1-60558-929-9},
 location = {Atlanta, Georgia, USA},
 pages = {1079--1088},
 numpages = {10},
 url = {http://doi.acm.org/10.1145/1753326.1753486},
 doi = {10.1145/1753326.1753486},
 acmid = {1753486},
 publisher = {ACM},
 address = {New York, NY, USA},
 keywords = {computer-mediated communication, crisis informatics, disaster, emergency, hazards, microblogging, situational awareness},
}

@book{gradybook,
 author = {Booch, Grady},
 title = {Object-Oriented Analysis and Design with Applications (3rd Edition)},
 year = {2004},
 isbn = {020189551X},
 publisher = {Addison Wesley Longman Publishing Co., Inc.},
 address = {Redwood City, CA, USA},
}


@ARTICLE{microservicesScale,
   author = {{Dragoni}, N. and {Lanese}, I. and {Thordal Larsen}, S. and
	{Mazzara}, M. and {Mustafin}, R. and {Safina}, L.},
    title = "{Microservices: How To Make Your Application Scale}",
  journal = {ArXiv e-prints},
archivePrefix = "arXiv",
   eprint = {1702.07149},
 primaryClass = "cs.SE",
 keywords = {Computer Science - Software Engineering},
     year = 2017,
    month = feb,
   adsurl = {http://adsabs.harvard.edu/abs/2017arXiv170207149D},
  adsnote = {Provided by the SAO/NASA Astrophysics Data System}
}

@misc{servicemesh, title={What's a service mesh? And why do I need one? | Buoyant | The Service Mesh Company}, url={https://buoyant.io/2017/04/25/whats-a-service-mesh-and-why-do-i-need-one/}, journal={Buoyant}, author={Morgan, William}, year={2017}, month={Apr}}


@book{smack,
  title={Big Data SMACK: A Guide to Apache Spark, Mesos, Akka, Cassandra, and Kafka},
  author={Estrada, Raul and Ruiz, Isaac},
  year={2016},
  publisher={Apress}
}

@article{lambda2014,
  title={Lambda architecture for real time big data analytic},
  author={Hasani, Zirije and Kon-Popovska, Margita and Velinov, Goran},
  journal={ICT Innovations},
  year={2014}
}

@article{scalableHadoop,
  title={Toward scalable systems for big data analytics: A technology tutorial},
  author={Hu, Han and Wen, Yonggang and Chua, Tat-Seng and Li, Xuelong},
  journal={IEEE access},
  volume={2},
  pages={652--687},
  year={2014},
  publisher={IEEE}
}

@article{streamingAnalysis,
  title={Streaming Data Analysis using Apache Cassandra and Zeppelin},
  author={MadhaviLatha, A and Kumar, G Vijaya}
}
